@preamble{ "\newcommand{\lastaccesseddate}{2023-04-15}" }
@preamble{ "\newcommand{\lastaccessed}{(abgerufen: \lastaccesseddate)}" }

@article{de2023chatgpt,
  title={ChatGPT and the rise of large language models: the new AI-driven infodemic threat in public health},
  author={De Angelis, Luigi and Baglivo, Francesco and Arzilli, Guglielmo and Privitera, Gaetano Pierpaolo and Ferragina, Paolo and Tozzi, Alberto Eugenio and Rizzo, Caterina},
  journal={Frontiers in Public Health},
  volume={11},
  pages={1166120},
  year={2023},
  publisher={Frontiers}
}

@article{stowasser2020einfuhrung,
  title={Einf{\"u}hrung von KI-Systemen in Unternehmen},
  author={Stowasser, Sascha and Suchy, Oliver and Huchler, Norbert and M{\"u}ller, N and Peissner, M and Stich, A and V{\"o}gel, HJ and Werne, J and Henkelmann, T and Schindler, T and others},
  journal={Gestaltungsans{\"a}tze f{\"u}r das Change-Management. Whitepaper aus der Plattform Lernende Systeme, M{\"u}nchen},
  year={2020}
}

@article{said2013evaluating,
  title={Evaluating the accuracy and utility of recommender systems},
  author={Said, Alan},
  year={2013}
}

@article{lerche2017implizites,
  title={Implizites Feedback in Empfehlungssystemen: 1 Eigenschaften, Anwendungen und Herausforderungen},
  author={Lerche, Lukas},
  year={2017},
  publisher={Gesellschaft f{\"u}r Informatik eV}
}

@online{highrisk,
	title = {Commission welcomes political agreement on Artificial Intelligence Act*},
	url = {https://ec.europa.eu/commission/presscorner/detail/en/ip_23_6473},
	author = {Europäische Kommission},
	urldate = {2024-01-3},
	langid = {english},
	year = {April 2021},
}

@online{eu,
	title = {A European approach to artificial intelligence},
	url = {https://digital-strategy.ec.europa.eu/en/policies/european-approach-artificial-intelligence},
	author = {Europäische Kommission},
	urldate = {2024-01-3},
	langid = {english},
	year = {o. J.},
}

@online{euger,
	title = {Der Ansatz der EU für künstliche Intelligenz konzentriert sich auf Exzellenz und Vertrauen, um Forschung und industrielle Kapazitäten zu stärken und gleichzeitig Sicherheit und Grundrechte zu gewährleisten.},
	url = {https://digital-strategy.ec.europa.eu/de/policies/european-approach-artificial-intelligence},
	author = {Europäische Kommission},
	urldate = {2024-01-3},
	langid = {german},
	year = {o. J.},
}

@article{silveira2019good,
  title={How good your recommender system is? A survey on evaluations in recommendation},
  author={Silveira, Thiago and Zhang, Min and Lin, Xiao and Liu, Yiqun and Ma, Shaoping},
  journal={International Journal of Machine Learning and Cybernetics},
  volume={10},
  pages={813--831},
  year={2019},
  publisher={Springer}
}

@misc{andersson2022comparison,
  title={A comparison of different methods in their ability to compare semantic similarity between articles and press releases},
  author={Andersson, Julius},
  year={2022}
}

@article{navrozidis2020using,
  title={Using natural language processing to identify similar patent documents},
  author={Navrozidis, Jakob and Jansson, Hannes},
  journal={LU-CS-EX},
  year={2020}
}

@article{lavi2021consultantbert,
  title={consultantbert: Fine-tuned siamese sentence-bert for matching jobs and job seekers},
  author={Lavi, Dor and Medentsiy, Volodymyr and Graus, David},
  journal={arXiv preprint arXiv:2109.06501},
  year={2021}
}

@article{jamshidian2023evaluation,
  title={Evaluation of Text Transformers for Classifying Sentiment of Reviews by Using TF-IDF, BERT (word embedding), SBERT (sentence embedding) with Support Vector Machine Evaluation},
  author={Jamshidian, Mina},
  year={2023},
  publisher={Technological University Dublin}
}

@article{henderi2021text,
  title={Text Mining an Automatic Short Answer Grading (ASAG), Comparison of Three Methods of Cosine Similarity, Jaccard Similarity and Dice's Coefficient},
  author={Henderi, Henderi and Winarno, Winarno and others},
  journal={Journal of Applied Data Sciences},
  volume={2},
  number={2},
  year={2021}
}

@article{gross2016funktionieren,
  title={Wie funktionieren Recommendersysteme?: Didaktische Aufarbeitung der Recommenderalgorithmen User-based und Item-based Collaborative Filtering},
  author={Gro{\ss}, Rainer and Knoll, Julian},
  year={2016}
}

@article{ahrendt2016genauigkeit,
  title={Genauigkeit oder Vielfalt Eine empirische Analyse anhand eines Musik Empfehlungssystems},
  author={Ahrendt, Pierre and Web, Arbeitsgruppe Corporate Semantic},
  year={2016}
}

@inproceedings{karypis2001evaluation,
  title={Evaluation of item-based top-n recommendation algorithms},
  author={Karypis, George},
  booktitle={Proceedings of the tenth international conference on Information and knowledge management},
  pages={247--254},
  year={2001}
}

@article{fard2013recommender,
  title={Recommender System Based on Semantic Similarity.},
  author={Fard, Karamollah Bagheri and Nilashi, Mehrbakhsh and Rahmani, Mohsen and Ibrahim, Othman},
  journal={International Journal of Electrical \& Computer Engineering (2088-8708)},
  volume={3},
  number={6},
  year={2013}
}

@article{sondur2016similarity,
  title={Similarity measures for recommender systems: a comparative study},
  author={Sondur, Mr Sridhar Dilip and Chigadani, Mr Amit P and Nayak, Shantharam},
  journal={Journal for Research},
  volume={2},
  number={3},
  year={2016}
}




@article{kobayashi2000information,
  title={Information retrieval on the web},
  author={Kobayashi, Mei and Takeda, Koichi},
  journal={ACM computing surveys (CSUR)},
  volume={32},
  number={2},
  pages={144--173},
  year={2000},
  publisher={ACM New York, NY, USA}
}

@article{singhal2001modern,
  title={Modern information retrieval: A brief overview},
  author={Singhal, Amit and others},
  journal={IEEE Data Eng. Bull.},
  volume={24},
  number={4},
  pages={35--43},
  year={2001}
}

@incollection{croft2000combining,
  title={Combining approaches to information retrieval},
  author={Croft, W Bruce},
  booktitle={Advances in Information Retrieval: Recent Research from the center for intelligent information retrieval},
  pages={1--36},
  year={2000},
  publisher={Springer}
}

@article{shafi2017review,
  title={A review on mobile SMS spam filtering techniques},
  author={Shafi’I, Muhammad Abdulhamid and Abd Latiff, Muhammad Shafie and Chiroma, Haruna and Osho, Oluwafemi and Abdul-Salaam, Gaddafi and Abubakar, Adamu I and Herawan, Tutut},
  journal={IEEE Access},
  volume={5},
  pages={15650--15666},
  year={2017},
  publisher={IEEE}
}

@article{khorsi2007overview,
  title={An overview of content-based spam filtering techniques},
  author={Khorsi, Ahmed},
  journal={Informatica},
  volume={31},
  number={3},
  year={2007}
}

@inproceedings{tretyakov2004machine,
  title={Machine learning techniques in spam filtering},
  author={Tretyakov, Konstantin},
  booktitle={Data Mining Problem-oriented Seminar, MTAT},
  volume={3},
  number={177},
  pages={60--79},
  year={2004},
  organization={Citeseer}
}

@inproceedings{horesh2016information,
  title={Information retrieval, fusion, completion, and clustering for employee expertise estimation},
  author={Horesh, Raya and Varshney, Kush R and Yi, Jinfeng},
  booktitle={2016 IEEE International Conference on Big Data (Big Data)},
  pages={1385--1393},
  year={2016},
  organization={IEEE}
}

@article{belkin1992information,
  title={Information filtering and information retrieval: Two sides of the same coin?},
  author={Belkin, Nicholas J and Croft, W Bruce},
  journal={Communications of the ACM},
  volume={35},
  number={12},
  pages={29--38},
  year={1992},
  publisher={ACM New York, NY, USA}
}

@phdthesis{lanquillon2001enhancing,
  title={Enhancing text classification to improve information filtering},
  author={Lanquillon, Carsten},
  year={2001},
  school={Otto-von-Guericke-Universit{\"a}t Magdeburg, Universit{\"a}tsbibliothek}
}

@article{alasadi2017review,
  title={Review of data preprocessing techniques in data mining},
  author={Alasadi, Suad A and Bhaya, Wesam S},
  journal={Journal of Engineering and Applied Sciences},
  volume={12},
  number={16},
  pages={4102--4107},
  year={2017}
}

@inproceedings{bafna2016document,
  title={Document clustering: TF-IDF approach},
  author={Bafna, Prafulla and Pramod, Dhanya and Vaidya, Anagha},
  booktitle={2016 International Conference on Electrical, Electronics, and Optimization Techniques (ICEEOT)},
  pages={61--66},
  year={2016},
  organization={IEEE}
}

@inproceedings{ramos2003using,
  title={Using tf-idf to determine word relevance in document queries},
  author={Ramos, Juan and others},
  booktitle={Proceedings of the first instructional conference on machine learning},
  volume={242},
  number={1},
  pages={29--48},
  year={2003},
  organization={Citeseer}
}

@inproceedings{mihalcea2004textrank,
  title={Textrank: Bringing order into text},
  author={Mihalcea, Rada and Tarau, Paul},
  booktitle={Proceedings of the 2004 conference on empirical methods in natural language processing},
  pages={404--411},
  year={2004}
}

@article{zhang2020empirical,
  title={An empirical study of TextRank for keyword extraction},
  author={Zhang, Mingxi and Li, Xuemin and Yue, Shuibo and Yang, Liuqian},
  journal={IEEE access},
  volume={8},
  pages={178849--178858},
  year={2020},
  publisher={IEEE}
}

@article{pay2019ensemble,
  title={An ensemble of automatic keyword extractors: TextRank, RAKE and TAKE},
  author={Pay, Tayfun and Lucci, Stephen and Cox, James L},
  journal={Computaci{\'o}n y Sistemas},
  volume={23},
  number={3},
  pages={703--710},
  year={2019},
  publisher={Instituto Polit{\'e}cnico Nacional, Centro de Investigaci{\'o}n en Computaci{\'o}n}
}

@mastersthesis{pirk2019implementierung,
  title={Implementierung und Visualisierung N-Gramm-basierter Word-Clouds},
  author={Pirk, Sebastian},
  type={{B.S.} thesis},
  year={2019}
}

@article{kumawat2015pos,
  title={POS tagging approaches: A comparison},
  author={Kumawat, Deepika and Jain, Vinesh},
  journal={International Journal of Computer Applications},
  volume={118},
  number={6},
  year={2015},
  publisher={Citeseer}
}

@inproceedings{nakagawa2007hybrid,
  title={A hybrid approach to word segmentation and pos tagging},
  author={Nakagawa, Tetsuji and Uchimoto, Kiyotaka},
  booktitle={Proceedings of the 45th annual meeting of the Association for Computational Linguistics Companion Volume Proceedings of the Demo and Poster Sessions},
  pages={217--220},
  year={2007}
}